<collection xmlns="http://www.loc.gov/MARC21/slim">
<record>
  <leader>00888nam0a22002051i 450 </leader>
  <controlfield tag="001">IT\ICCU\CNCE\024477</controlfield>
  <controlfield tag="005">20150706000000.0</controlfield>
  <datafield tag="100" ind1=" " ind2=" ">
    <subfield code="a">19970908d1596        0itac0103    ba</subfield>
  </datafield>
  <datafield tag="101" ind1=" " ind2=" ">
    <subfield code="a">ITA</subfield>
  </datafield>
  <datafield tag="102" ind1=" " ind2=" ">
    <subfield code="a">IT</subfield>
  </datafield>
  <datafield tag="200" ind1="1" ind2=" ">
    <subfield code="a">Vera et compita relatione dell&apos;impresa di Cales, fatta dal serenissimo prencipe cardinale Alberto d&apos;Austria. Cauata da una lettera scritta da persona principale, che si trov ̣sul fatto</subfield>
  </datafield>
  <datafield tag="210" ind1=" " ind2=" ">
    <subfield code="a">In Viterbo</subfield>
    <subfield code="d">1596</subfield>
  </datafield>
  <datafield tag="215" ind1=" " ind2=" ">
    <subfield code="a">\8! c.</subfield>
    <subfield code="d">8ʻ</subfield>
  </datafield>
  <datafield tag="300" ind1=" " ind2=" ">
    <subfield code="a">Stampata da Agostino Colaldi. Cfr.: A. Carosi, Librai cartai e tipografi in Viterbo, n. 56</subfield>
  </datafield>
  <datafield tag="620" ind1=" " ind2=" ">
    <subfield code="a">IT</subfield>
    <subfield code="d">Viterbo</subfield>
  </datafield>
  <datafield tag="712" ind1="0" ind2="0">
    <subfield code="a">Colaldi, Agostino</subfield>
    <subfield code="3">IT\ICCU\CNCT\000505</subfield>
    <subfield code="4">650</subfield>
  </datafield>
  <datafield tag="791" ind1="0" ind2="0">
    <subfield code="a">Colaldus, Augustinus</subfield>
    <subfield code="3">IT\ICCU\CNCT\004628</subfield>
    <subfield code="z">Colaldi, Agostino</subfield>
  </datafield>
  <datafield tag="791" ind1="0" ind2="0">
    <subfield code="a">Colaldo, Agostino</subfield>
    <subfield code="3">IT\ICCU\CNCT\004629</subfield>
    <subfield code="z">Colaldi, Agostino</subfield>
  </datafield>
  <datafield tag="801" ind1=" " ind2="3">
    <subfield code="a">IT</subfield>
    <subfield code="b">ICCU</subfield>
    <subfield code="c">20201114</subfield>
  </datafield>
  <datafield tag="899" ind1=" " ind2=" ">
    <subfield code="a">Collezione privata Carosi. Viterbo</subfield>
    <subfield code="1">VT0106</subfield>
    <subfield code="2">ZVT 10</subfield>
  </datafield>
</record>
</collection>
